<?xml version="1.0" encoding="UTF-8"?><collection xmlns="http://www.loc.gov/MARC21/slim"><record><leader>00369nam--2200133-i-4500</leader><controlfield tag="001">000039162</controlfield><controlfield tag="002">20161230</controlfield><controlfield tag="005">20161230201042</controlfield><controlfield tag="008">060222s1000------------r-----000-0-eng-d</controlfield><datafield ind1=" " ind2=" " tag="080"><subfield code="a">544.83(021)=59</subfield></datafield><datafield ind1=" " ind2=" " tag="100"><subfield code="a">Ripan,Raluca, Ervin,Poper, Candin,Liteanu</subfield></datafield><datafield ind1=" " ind2=" " tag="245"><subfield code="a">Chimie analitica calitativa</subfield></datafield><datafield ind1=" " ind2=" " tag="260"><subfield code="a">Bucuresti, Ed.Tehnica, 1954. /362-364/ P. + Erata</subfield></datafield><datafield ind1=" " ind2=" " tag="852"><subfield code="a">3292</subfield></datafield></record></collection>